<record xmlns="http://www.loc.gov/MARC21/slim" xmlns:xsi="http://www.w3.org/2001/XMLSchema-instance" xsi:schemaLocation="http://www.loc.gov/MARC21/slim http://www.loc.gov/standards/marcxml/schema/MARC21slim.xsd"><leader>00597nz   2200157n  4500</leader><controlfield tag="001">oca00049425 </controlfield><controlfield tag="005">19840322000000.0</controlfield><controlfield tag="008">800408n| acannaab|          |a aaa |||  </controlfield><datafield ind1=" " ind2=" " tag="010"><subfield code="a">n  50013948 </subfield></datafield><datafield ind1=" " ind2=" " tag="040"><subfield code="a">DLC</subfield><subfield code="c">DLC</subfield></datafield><datafield ind1="0" ind2=" " tag="100"><subfield code="a">Vespasian,</subfield><subfield code="c">Emperor of Rome,</subfield><subfield code="d">9-79.</subfield></datafield><datafield ind1="0" ind2=" " tag="400"><subfield code="a">Vespasiano,</subfield><subfield code="c">Emperor of Rome,</subfield><subfield code="d">9-79</subfield></datafield><datafield ind1="0" ind2=" " tag="400"><subfield code="a">Vespasianus,</subfield><subfield code="c">Emperor of Rome,</subfield><subfield code="d">9-79</subfield><subfield code="w">nna</subfield></datafield><datafield ind1="0" ind2=" " tag="400"><subfield code="a">Vespesiano,</subfield><subfield code="c">Emperor of Rome,</subfield><subfield code="d">9-79</subfield></datafield><datafield ind1=" " ind2=" " tag="670"><subfield code="a">Enc. Brit.</subfield><subfield code="b">(Vespasian)</subfield></datafield><datafield ind1=" " ind2=" " tag="670"><subfield code="a">História do mui nobre Vesp., imperad. de Roma, 1981 (subj.)</subfield><subfield code="b">t.p. (Vespasiano, imperado de Roma) colophon (Vespesiano, emperador de Roma)</subfield></datafield></record>